References file.

@PREAMBLE{"\newcommand{\noopsort}[1]{}"}

@article{biblio1_article,
  title={The Best Swing},
  author={Sinatra, Frank},
  pages={206},
  year={2013}
}

@inproceedings{biblio2_proceeding,
  title={The Legendary Jazz},
  author={Jazzman, Smooth},
  booktitle={Something about music},
  pages={15--17},
  year={2006}
}

@book{biblio3_book,
  title={Fast numerical methods for generating music},
  author={Bookman, Little},
  year={2011},
  publisher={Springer}
}

@misc{biblio4_webDoc,
	title={Robot Asimo},
	author={{Honda Motor}},
	year={2007},
	publisher={http://asimo.honda.com/technical-information.pdf [Links]}
}

@misc{biblio5_webURL,
	author = {{\noopsort{zzz}}{~\kern-7bp\!}},
	title = {Agility Robotics},
	howpublished = {\url{http://www.agilityrobotics.com/}},
	note = {\\ Accessed: 12.11.2017}
}
